@book{Abbott2015,
address = {Old Tappan, NJ},
author = {Abbott, Martin L. and Fisher, Michael T.},
publisher = {Pearson Education, Inc.},
title = {{The Art of Scalability: Scalable Web Architecture, Processes, and Organizations for the Modern Enterprise (2nd Edition)}},
year = {2015}
}
@book{Abrashoff2012,
author = {Abrashoff, D. Michael},
edition = {10th Anniv},
isbn = {9781455523023},
publisher = {Grand Central Publishing},
title = {{It's Your Ship: Management Techniques from the Best Damn Ship in the Navy}},
url = {https://www.amazon.com/Its-Your-Ship-Management-Anniversary/dp/145552302X/ref=sr{\_}1{\_}1?s=books{\&}ie=UTF8{\&}qid=1480362090{\&}sr=1-1{\&}keywords=it{\%}2527s+your+ship},
year = {2012}
}
